<collection xmlns="http://www.loc.gov/MARC21/slim">
<record>
  <leader>01659nam0a22003011i 450 </leader>
  <controlfield tag="001">IT\ICCU\CNCE\058200</controlfield>
  <controlfield tag="005">20101206000000.0</controlfield>
  <datafield tag="100" ind1=" " ind2=" ">
    <subfield code="a">20040514d1551        0itac0103    ba</subfield>
  </datafield>
  <datafield tag="101" ind1=" " ind2=" ">
    <subfield code="a">ITA</subfield>
  </datafield>
  <datafield tag="102" ind1=" " ind2=" ">
    <subfield code="a">IT</subfield>
  </datafield>
  <datafield tag="200" ind1="1" ind2=" ">
    <subfield code="a">Benedittioni &amp; maledittioni de buoni e cattiui figlioli, con alcuni documenti dati a padri loro latini e vulgari, cauati dalle scritture sante. Per il reuerendo padre Fra Giouanmaria Verrato ferrarese regulare carmelita, predicatore in San Saluatore in Vinegia</subfield>
  </datafield>
  <datafield tag="210" ind1=" " ind2=" ">
    <subfield code="a">\Milano!</subfield>
    <subfield code="c">al segno della Stella</subfield>
    <subfield code="d">1551(Stampate in Milano</subfield>
    <subfield code="c">per Valerio &amp; fratelli da Medda</subfield>
    <subfield code="c">ad instantia de messer Mattheo da Besozo</subfield>
    <subfield code="d">1551)</subfield>
  </datafield>
  <datafield tag="215" ind1=" " ind2=" ">
    <subfield code="a">\8! c.</subfield>
    <subfield code="d">8ʻ</subfield>
  </datafield>
  <datafield tag="620" ind1=" " ind2=" ">
    <subfield code="a">IT</subfield>
    <subfield code="d">Milano</subfield>
  </datafield>
  <datafield tag="700" ind1=" " ind2="1">
    <subfield code="a">Verrati,</subfield>
    <subfield code="b">Giovanni Maria</subfield>
    <subfield code="3">IT\ICCU\CNCA\006601</subfield>
  </datafield>
  <datafield tag="712" ind1="0" ind2="0">
    <subfield code="a">Meda, Valerio &amp; fratelli</subfield>
    <subfield code="3">IT\ICCU\CNCT\000443</subfield>
    <subfield code="4">650</subfield>
  </datafield>
  <datafield tag="712" ind1="0" ind2="0">
    <subfield code="a">Besozzi, Matteo</subfield>
    <subfield code="3">IT\ICCU\CNCT\000238</subfield>
    <subfield code="4">650</subfield>
  </datafield>
  <datafield tag="790" ind1=" " ind2="1">
    <subfield code="a">Verratus,</subfield>
    <subfield code="b">Ioannes Maria</subfield>
    <subfield code="3">IT\ICCU\CNCA\015020</subfield>
    <subfield code="z">Verrati, Giovanni Maria</subfield>
  </datafield>
  <datafield tag="790" ind1=" " ind2="1">
    <subfield code="a">Verrati,</subfield>
    <subfield code="b">Giammaria</subfield>
    <subfield code="3">IT\ICCU\CNCA\015021</subfield>
    <subfield code="z">Verrati, Giovanni Maria</subfield>
  </datafield>
  <datafield tag="791" ind1="0" ind2="0">
    <subfield code="a">Besucius,  Matthaeus</subfield>
    <subfield code="3">IT\ICCU\CNCT\003036</subfield>
    <subfield code="z">Besozzi, Matteo</subfield>
  </datafield>
  <datafield tag="791" ind1="0" ind2="0">
    <subfield code="a">Besutius, Matthaeus</subfield>
    <subfield code="3">IT\ICCU\CNCT\003037</subfield>
    <subfield code="z">Besozzi, Matteo</subfield>
  </datafield>
  <datafield tag="791" ind1="0" ind2="2">
    <subfield code="a">℗al segno della ℗Stella</subfield>
    <subfield code="c"> &lt;Milano&gt;</subfield>
    <subfield code="3">IT\ICCU\CNCT\003597</subfield>
    <subfield code="z">Besozzi, Matteo</subfield>
  </datafield>
  <datafield tag="791" ind1="0" ind2="0">
    <subfield code="a">Besutio, Matheus de</subfield>
    <subfield code="3">IT\ICCU\CNCT\004364</subfield>
    <subfield code="z">Besozzi, Matteo</subfield>
  </datafield>
  <datafield tag="791" ind1="0" ind2="0">
    <subfield code="a">Besozio, Matheo de</subfield>
    <subfield code="3">IT\ICCU\CNCT\004365</subfield>
    <subfield code="z">Besozzi, Matteo</subfield>
  </datafield>
  <datafield tag="791" ind1="0" ind2="0">
    <subfield code="a">Besozzo, Mattheo da</subfield>
    <subfield code="3">IT\ICCU\CNCT\004366</subfield>
    <subfield code="z">Besozzi, Matteo</subfield>
  </datafield>
  <datafield tag="801" ind1=" " ind2="3">
    <subfield code="a">IT</subfield>
    <subfield code="b">ICCU</subfield>
    <subfield code="c">20201115</subfield>
  </datafield>
  <datafield tag="899" ind1=" " ind2=" ">
    <subfield code="a">Biblioteca civica A. Mai. Bergamo</subfield>
    <subfield code="1">BG0026</subfield>
    <subfield code="2">LO1 02</subfield>
  </datafield>
  <datafield tag="899" ind1=" " ind2=" ">
    <subfield code="a">Biblioteca dell&apos;Istituto Leone XIII. Milano</subfield>
    <subfield code="1">MI0307</subfield>
    <subfield code="2">LO1 32</subfield>
  </datafield>
</record>
</collection>
